%Hippocrates, The genuine works of Hippocrates, The Classics of Medicine Library,
%Gryphon Editions, Birmingham (AL), 1985, 768-771

@article{quianquiroga2002,
  title = {Performance of different synchronization measures in real data: A case study on electroencephalographic signals},
  author = {Quian Quiroga, R. and Kraskov, A. and Kreuz, T. and Grassberger, P.},
  journal = {Phys. Rev. E},
  volume = {65},
  issue = {4},
  pages = {041903},
  numpages = {14},
  year = {2002},
  month = {Mar},
  publisher = {American Physical Society},
}

@article{quianquiroga2000.
  title = {Learning driver-response relationships from synchronization patterns},
  author = {Quiroga, R. Quian and Arnhold, J. and Grassberger, P.},
  journal = {Phys. Rev. E},
  volume = {61},
  issue = {5},
  pages = {5142--5148},
  numpages = {0},
  year = {2000},
  month = {May},
  publisher = {American Physical Society},
  doi = {10.1103/PhysRevE.61.5142},
  url = {https://link.aps.org/doi/10.1103/PhysRevE.61.5142}
}


@article{leVanQuyen1999,
  title={Nonlinear analyses of interictal EEG map the brain interdependences in human focal epilepsy},
  author={Le Van Quyen, Michel and Martinerie, Jacques and Adam, Claude and Varela, Francisco J},
  journal={Physica D: Nonlinear Phenomena},
  volume={127},
  number={3-4},
  pages={250--266},
  year={1999},
  publisher={Elsevier}
}

@article{leVanQuyen1998,
  title={Nonlinear interdependencies of EEG signals in human intracranially recorded temporal lobe seizures},
  author={Le Van Quyen, Michel and Adam, Claude and Baulac, Michel and Martinerie, Jacques and Varela, Francisco J},
  journal={Brain Research},
  volume={792},
  number={1},
  pages={24--40},
  year={1998},
  publisher={Elsevier}
}

@inproceedings{koichubekov2018,
  title={Nonlinear analyses of heart rate variability in hypertension},
  author={Koichubekov, BK and Sorokina, MA and Laryushina, YM and Turgunova, LG and Korshukov, IV},
  journal={Annales de Cardiologie et d'Ang{\'e}iologie},
  volume={67},
  number={3},
  pages={174--179},
  year={2018},
  organization={Elsevier}
}
@article{muller2001,
  title={Investigation of brain dynamics in Parkinson's disease by methods derived from nonlinear dynamics},
  author={M{\"u}ller, Viktor and Lutzenberger, Werner and Pulverm{\"u}ller, Friedemann and Mohr, Bettina and Birbaumer, Niels},
  journal={Experimental Brain Research},
  volume={137},
  number={1},
  pages={103--110},
  year={2001},
  publisher={Springer}
}

@article{jeong2002,
  title={Nonlinear dynamics of EEG in Alzheimer's disease},
  author={Jeong, Jaeseung},
  journal={Drug Development Research},
  volume={56},
  number={2},
  pages={57--66},
  year={2002},
  publisher={Wiley Online Library}
}

@article{bosl2018,
  title={EEG analytics for early detection of autism spectrum disorder: a data-driven approach},
  author={Bosl, William J and Tager-Flusberg, Helen and Nelson, Charles A},
  journal={Scientific Reports},
  volume={8},
  number={1},
  pages={1--20},
  year={2018},
  publisher={Nature Publishing Group}
}

@article{breakspear2003,
  title={A disturbance of nonlinear interdependence in scalp EEG of subjects with first episode schizophrenia},
  author={Breakspear, Michael and Terry, JR and Friston, KJ and Harris, AWF and Williams, LM and Brown, K and Brennan, J and Gordon, Evian},
  journal={Neuroimage},
  volume={20},
  number={1},
  pages={466--478},
  year={2003},
  publisher={Elsevier}
}

@article{voss1996,
  title={The application of methods of non-linear dynamics for the improved and predictive recognition of patients threatened by sudden cardiac death},
  author={Voss, A and Kurths, J and Kleiner, HJ and Witt, A and Wessel, N and Saparin, P and Osterziel, KJ and Schurath, R and Dietz, R},
  journal={Cardiovascular Research},
  volume={31},
  number={3},
  pages={419--433},
  year={1996},
  publisher={Elsevier Science}
}

@article{truebner2006,
  title={Compression entropy contributes to risk stratification in patients with cardiomyopathy},
  author={Truebner, Sandra and Cygankiewicz, Iwona and Schroeder, Rico and Baumert, Mathias and Vallverdu, Montserrat and Caminal, Pere and Vazquez, Rafael and de Luna, Antoni Bayes and Voss, Andreas},
  journal={Biomedical Engineering/Biomedizinische Technik},
  volume={51},
  number={2},
  pages={77--82},
  year={2006},
  publisher={De Gruyter}
}

@article{javorka2008,
  title={Short-term heart rate complexity is reduced in patients with type 1 diabetes mellitus},
  author={Javorka, Michal and Trunkvalterova, Zuzana and Tonhajzerova, Ingrid and Javorkova, Jana and Javorka, Kamil and Baumert, Mathias},
  journal={Clinical Neurophysiology},
  volume={119},
  number={5},
  pages={1071--1081},
  year={2008},
  publisher={Elsevier}
}

@article{vakharia2018,
  title={Getting the best outcomes from epilepsy surgery},
  author={Vakharia, Vejay N and Duncan, John S and Witt, Juri-Alexander and Elger, Christian E and Staba, Richard and Engel Jr, Jerome},
  journal={Annals of Neurology},
  volume={83},
  number={4},
  pages={676--690},
  year={2018},
  publisher={Wiley Online Library}
}

@article{yuan2012,
  title={Intracranial electrodes in the presurgical evaluation of epilepsy},
  author={Yuan, Jinxian and Chen, Yangmei and Hirsch, Edouard},
  journal={Neurological Sciences},
  volume={33},
  number={4},
  pages={723--729},
  year={2012},
  publisher={Springer}
}

@article{wendling2009,
  title={From EEG signals to brain connectivity: a model-based evaluation of interdependence measures},
  author={Wendling, Fabrice and Ansari-Asl, Karim and Bartolomei, Fabrice and Senhadji, Lotfi},
  journal={Journal of Neuroscience Methods},
  volume={183},
  number={1},
  pages={9--18},
  year={2009},
  publisher={Elsevier}
}

@article{kreuz2007,
  title={Measuring synchronization in coupled model systems: A comparison of different approaches},
  author={Kreuz, Thomas and Mormann, Florian and Andrzejak, Ralph G and Kraskov, Alexander and Lehnertz, Klaus and Grassberger, Peter},
  journal={Physica D: Nonlinear Phenomena},
  volume={225},
  number={1},
  pages={29--42},
  year={2007},
  publisher={Elsevier}
}

@article{ansari2006,
  title={Quantitative evaluation of linear and nonlinear methods characterizing interdependencies between brain signals},
  author={Ansari-Asl, Karim and Senhadji, Lotfi and Bellanger, Jean-Jacques and Wendling, Fabrice},
  journal={Physical Review E},
  volume={74},
  number={3},
  pages={031916},
  year={2006},
  publisher={APS}
}

@article{muller2019,
  title={Linear and nonlinear interrelations show fundamentally distinct network structure in preictal intracranial EEG of epilepsy patients},
  author={M{\"u}ller, Michael and Caporro, Matteo and Gast, Heidemarie and Pollo, Claudio and Wiest, Roland and Schindler, Kaspar and Rummel, Christian},
  journal={Human brain mapping},
  volume={41},
  number={2},
  pages={467--483},
  year={2019},
  publisher={Wiley Online Library}
}

@article{rummel2011,
  title={Uniform approach to linear and nonlinear interrelation patterns in multivariate time series},
  author={Rummel, Christian and Abela, Eugenio and M{\"u}ller, Markus and Hauf, Martinus and Scheidegger, Olivier and Wiest, Roland and Schindler, Kaspar},
  journal={Physical Review E},
  volume={83},
  number={6},
  pages={066215},
  year={2011},
  publisher={APS}
} 

@article{andrzejak2009,
  title={Seizure prediction: Any better than chance?},
  author={Andrzejak, Ralph G and Chicharro, Daniel and Elger, Christian E and Mormann, Florian},
  journal={Clinical Neurophysiology},
  volume={120},
  number={8},
  pages={1465--1478},
  year={2009},
  publisher={Elsevier}
}

@article{mormann2005,
  title={On the predictability of epileptic seizures},
  author={Mormann, Florian and Kreuz, Thomas and Rieke, Christoph and Andrzejak, Ralph G and Kraskov, Alexander and David, Peter and Elger, Christian E and Lehnertz, Klaus},
  journal={Clinical Neurophysiology},
  volume={116},
  number={3},
  pages={569--587},
  year={2005},
  publisher={Elsevier}
}

@article{gotman1999,
  title={Automatic detection of seizures and spikes},
  author={Gotman, Jean},
  journal={Journal of Clinical Neurophysiology},
  volume={16},
  number={2},
  pages={130--140},
  year={1999},
  publisher={LWW}
}


@article{stacey2008,
  title={Technology insight: neuroengineering and epilepsy—designing devices for seizure control},
  author={Stacey, William C and Litt, Brian},
  journal={Nature Clinical Practice Neurology},
  volume={4},
  number={4},
  pages={190--201},
  year={2008},
  publisher={Nature Publishing Group}
}

@article{mormann2007,
  title={Seizure prediction: the long and winding road},
  author={Mormann, Florian and Andrzejak, Ralph G and Elger, Christian E and Lehnertz, Klaus},
  journal={Brain},
  volume={130},
  number={2},
  pages={314--333},
  year={2007},
  publisher={Oxford University Press}
}

 %-----------
 @article{jiruska2013,
  title={Synchronization and desynchronization in epilepsy: controversies and hypotheses},
  author={Jiruska, Premysl and De Curtis, Marco and Jefferys, John GR and Schevon, Catherine A and Schiff, Steven J and Schindler, Kaspar},
  journal={The Journal of Physiology},
  volume={591},
  number={4},
  pages={787--797},
  year={2013},
  publisher={Wiley Online Library}
}
 
 @article{uhlhaas2006,
  title={Neural synchrony in brain disorders: relevance for cognitive dysfunctions and pathophysiology},
  author={Uhlhaas, Peter J and Singer, Wolf},
  journal={Neuron},
  volume={52},
  number={1},
  pages={155--168},
  year={2006},
  publisher={Elsevier}
}

 @article{varela2001,
  title={The brainweb: phase synchronization and large-scale integration},
  author={Varela, Francisco and Lachaux, Jean-Philippe and Rodriguez, Eugenio and Martinerie, Jacques},
  journal={Nature reviews neuroscience},
  volume={2},
  number={4},
  pages={229--239},
  year={2001},
  publisher={Nature Publishing Group}
}

 
 %%Social Science
 @book{box2014,
  title={Time series analysis for the social sciences},
  author={Box-Steffensmeier, Janet M and Freeman, John R and Hitt, Matthew P and Pevehouse, Jon CW},
  year={2014},
  publisher={Cambridge University Press}
}

 %Global warming
 @article{verdes2007,
  title={Global warming is driven by anthropogenic emissions: a time series analysis approach},
  author={Verdes, Pablo F},
  journal={Physical Review Letters},
  volume={99},
  number={4},
  pages={048501},
  year={2007},
  publisher={APS}
}

 %% Astrophisics
 @article{misra2004,
  title={The chaotic behavior of the black hole system GRS 1915+ 105},
  author={Misra, R and Harikrishnan, KP and Mukhopadhyay, Banibrata and Ambika, G and Kembhavi, AK},
  journal={The Astrophysical Journal},
  volume={609},
  number={1},
  pages={313},
  year={2004},
  publisher={IOP Publishing}
}

@article{ratnam2019,
  title={Development of multivariate ionospheric TEC forecasting algorithm using linear time series model and ARMA over low-latitude GNSS station},
  author={Ratnam, D Venkata and Otsuka, Yuichi and Sivavaraprasad, G and Dabbakuti, JRK Kumar},
  journal={Advances in Space Research},
  volume={63},
  number={9},
  pages={2848--2856},
  year={2019},
  publisher={Elsevier}
}

 
 %%Optik
 @article{raj2020,
  title={Time series analysis of duty cycle induced randomness in thermal lens system},
  author={Raj, Vimal and Swapna, MS and Kumar, K Satheesh and Sankararaman, S},
  journal={Optik},
  pages={164720},
  year={2020},
  publisher={Elsevier}
}
 
 %%ECG
 @article{voss2009,
  title={Methods derived from nonlinear dynamics for analysing heart rate variability},
  author={Voss, Andreas and Schulz, Steffen and Schroeder, Rico and Baumert, Mathias and Caminal, Pere},
  journal={Philosophical Transactions of the Royal Society A: Mathematical, Physical and Engineering Sciences},
  volume={367},
  number={1887},
  pages={277--296},
  year={2009},
  publisher={The Royal Society London}
}

 @article{voss2006,
  title={Linear and nonlinear methods for analyses of cardiovascular variability in bipolar disorders},
  author={Voss, A and Baier, V and Schulz, S and Bar, KJ},
  journal={Bipolar Disorders},
  volume={8},
  number={5p1},
  pages={441--452},
  year={2006},
  publisher={Wiley Online Library}
}
 
 %%Economy
 @article{cao1992,
  title={Nonlinear time-series analysis of stock volatilities},
  author={Cao, Charles Q and Tsay, Ruey S},
  journal={Journal of Applied Econometrics},
  volume={7},
  number={S1},
  pages={S165--S185},
  year={1992},
  publisher={Wiley Online Library}
}
 

%%first linear applications to EEG data
@article{barlow1955analog,
  title={An analog correlator system for brain potentials},
  author={Barlow, John S and Brown, Robert M},
  year={1955},
  publisher={Research Laboratory of Electronics, Massachusetts Institute of Technology}
}

@article{brazier1952crosscorrelation,
  title={Crosscorrelation and autocorrelation studies of electroencephalographic potentials},
  author={Brazier, Mary AB and Casby, James U},
  journal={Electroencephalography and clinical neurophysiology},
  volume={4},
  number={2},
  pages={201--211},
  year={1952},
  publisher={Elsevier}
}
%--------
@article{pereda2005nonlinear,
  title={Nonlinear multivariate analysis of neurophysiological signals},
  author={Pereda, Ernesto and Quiroga, Rodrigo Quian and Bhattacharya, Joydeep},
  journal={Progress in Neurobiology},
  volume={77},
  number={1-2},
  pages={1--37},
  year={2005},
  publisher={Elsevier}
}
%______________________________________________________NEW
@article{babloyantz1986,
  title={Low-dimensional chaos in an instance of epilepsy},
  author={Babloyantz, Agnessa and Destexhe, Alain},
  journal={Proceedings of the National Academy of Sciences},
  volume={83},
  number={10},
  pages={3513--3517},
  year={1986},
  publisher={National Acad Sciences}
}

@article{babloyantz1985,
  title={Evidence of chaotic dynamics of brain activity during the sleep cycle},
  author={Babloyantz, Agnessa and Salazar, JM and Nicolis, C},
  journal={Physics Letters A},
  volume={111},
  number={3},
  pages={152--156},
  year={1985},
  publisher={Elsevier}
}

@article{rapp1985,
  title={Dynamics of spontaneous neural activity in the simian motor cortex: The dimension of chaotic neurons},
  author={Rapp, PE and Zimmerman, ID and Albano, AM and Deguzman, GC and Greenbaun, NN},
  journal={Physics Letters A},
  volume={110},
  number={6},
  pages={335--338},
  year={1985},
  publisher={Elsevier}
}


@inproceedings{bancaud1962,
  title={Stereotactic functional exploration of the epilepsies of the supplementary area of the mesial surfaces of the hemispheres},
  author={Bancaud, Jean and Bonis, A and Talairach, J and Schaub, C and Colomb, D and Szikla, G},
  booktitle={Electroencephalography and Clinical Neurophisiology},
  volume={14},
  number={5},
  pages={788},
  year={1962},
}

@article {Talairach1974,
	Title = {New approach to the neurosurgery of epilepsy. Stereotaxic methodology and therapeutic results. 1. Introduction and history},
	Author = {Talairach, J and Bancaud, J and Szikla, G and Bonis, A and Geier, S and Vedrenne, C},
	Volume = {20 Suppl 1},
	Month = {June},
	Year = {1974},
	Journal = {Neuro-Chirurgie},
	ISSN = {0028-3770},
	Pages = {1—240},
}



%Talairach J, Bancaud J. Stereotaxic approach to epilepsy. Methodology of anatomo-functional stereotaxic investigations. Progr
%Neurol Surg 1973; 5: 297-354.



@article{foerster1934,
  title={Elektrobiologische Vorg$\"a$nge an der menschlichen Hirnrinde},
  author={Foerster, Otfrid and Altenburger, Hans},
  journal={Deutsche Zeitschrift f{\"u}r Nervenheilkunde},
  volume={135},
  number={5-6},
  pages={277--288},
  year={1935},
  publisher={Springer}
}


@article{magiorkinis2010,
  title={Hallmarks in the history of epilepsy: epilepsy in antiquity},
  author={Magiorkinis, Emmanouil and Sidiropoulou, Kalliopi and Diamantis, Aristidis},
  journal={Epilepsy \& behavior},
  volume={17},
  number={1},
  pages={103--108},
  year={2010},
  publisher={Elsevier}
}


@article{todd1849,
  title={On the pathology and treatment of convulsive diseases},
  author={Todd, Robert Bentley},
  journal={Lond Med Gaz},
  volume={8},
  pages={661--671},
  year={1849}
}

@article{jackson1890,
  title={The Lumleian lectures on convulsive seizures.},
  author={Jackson, J Hughlings},
  journal={The Lancet},
  volume={135},
  number={3476},
  pages={785--788},
  year={1890},
  publisher={Elsevier}
}


@misc{pierce2002,
  title={A disease once sacred. A history of the medical understanding of epilepsy},
  author={Pierce, JMS},
  year={2002},
   journal={Brain},
  publisher={Oxford University Press}
}

@book{temkin1994,
  title={The falling sickness: a history of epilepsy from the Greeks to the beginnings of modern neurology},
  author={Temkin, Owsei},
  volume={4},
  year={1994},
  publisher={JHU Press}
}

@book{Hippocrates,
  title={The genuine works of Hippocrates, The Classics of Medicine Library},
  author={Hippocrates},
  year={1985},
  publisher={Gryphon Editions, Birmingham (AL)}
}

@article{wilson1990,
  title={Translation and analysis of a cuneiform text forming part of a Babylonian treatise on epilepsy},
  author={Wilson, JV Kinnier and Reynolds, Edward Henry},
  journal={Medical history},
  volume={34},
  number={2},
  pages={185--198},
  year={1990},
  publisher={Cambridge University Press}
}


@book{world2005atlas,
  title={Atlas: epilepsy care in the world},
  author={WHO and ILAE and IBE},
  year={2005},
  publisher={World Health Organization}
}

@article{reynolds2000ilae,
  title={The ILAE/IBE/WHO global campaign against epilepsy: bringing epilepsy “out of the shadows”},
  author={Reynolds, Edward H},
  journal={Epilepsy \& Behavior},
  volume={1},
  number={4},
  pages={S3--S8},
  year={2000},
  publisher={Elsevier}
}


@article{epigraph1999newsletter,
  title={Epilepsy: a public health imperative},
  author={WHO},
  journal={Geneva: World Health Organization},
  year={2019}
}



@article{martinez2020,
  title={Seizure onset zone lateralization using a nonlinear analysis of micro versus macro electroencephalographic recordings during seizure-free stages of the sleep-wake cycle from epilepsy patients},
  author={Martínez, Cristina G. B. and Niediek, Johannes and Mormann, Florian and Andrzejak, Ralph G.},
  journal={Frontiers in Neurology},
  volume={11},
  pages={1057},
  year={2020},
  publisher={Frontiers}
}

%@unpublished{Martinez2020,
%author = {Martínez, Cristina G B and Niediek, Johannes and Mormann, Florian and Andrzejak, Ralph G},
%title = {Seizure onset zone lateralization using a nonlinear analysis of micro versus macro electroencephalographic recordings during seizure-free stages of the sleep-wake cycle from epilepsy patients.},
%note = {Accepted in Frontiers in Neurology},
%year={2020}
%}




@mastersthesis{Anais2019,
  author       = {Anaïs Espinoso Palacín}, 
  title        = {Evaluating a nonlinear interdependence measure in electroencephalographic recordings from epilepsy patients.},
  school       = {Universitat Pompeu Fabra},
  year         = 2019,
}



@misc{ieeeorg,
    title = {The ieee.org plataform.},
    howpublished = {The ieee.org plataform is publicly available at \url{http://IEEG.org}},
    note = {Online; accessed 12 Juny 2020} ,
}

@misc{MayoClinicData,
    title = {The Mayo Clinic database.},
    howpublished = {The Mayo Clinic database is publicly available at  \url{https://www.kaggle.com/c/seizure-detection/data/}},
    note = {Online; accessed 12 Juny 2020} ,
}

@misc{Epilepsiae,
    title = {The Epilepsiae database.},
    howpublished = {The Epilepsiae database is publicly available at \url{http://epilepsy-database.eu}},
    note = {Online; accessed 12 Juny 2020} ,
}



@misc{BernBcn,
    title = {The Bern Barcelona database.},
    howpublished = {The Bern Barcelona database is publicly available at \url{https://www.upf.edu/web/ntsa/downloads}},
    note = {Online; accessed 12 Juny 2020} ,
}


@misc{BonnData,
    title = { The Bonn EEG database.},
    howpublished = {The Bonn EEG database is publicly available at \url{http://epileptologie-bonn.de/cms/upload/workgroup/lehnertz/eegdata.html}},
    note = {Online; accessed 10 Juny 2020} ,
}



@misc{Corpus,

    title = { Temple University EEG Corpus database.},
    howpublished = {The corpus database is publicly available from the Neural Engineering Data Consortium \url{www.nedcdata.org}},
    note = {Online; accessed 03 Juny 2020} ,
}

@misc{CHBMIT,
    title = {Children’s Hospital Boston - Massachussets Intitute of Technology scalp EEG database (CHB-MIT).},
    howpublished = {The CHB-MIT EEG database is publicly available at \url{http://physionet.org/physiobank/database/chbmit/}},
    note = {Online; accessed 03 Juny 2020} ,
}
 

@misc{eegpl2010,
    title = {The \textit{eeg.pl} database.},
    howpublished = {The \textit{eeg.pl} database  is publicly available at \url{https://web.archive.org/web/20150424021258/http://eeg.pl/epi}},
    note = {Online; accessed 03 Juny 2020} ,
}


@misc{kinaSUR,
    author = "{Ministry for Primary Industries}",
    title = {{Kina sea urchin regions in NZ}},
    howpublished = {\url{http://fs.fish.govt.nz/Page.aspx?pk=7&sc=SUR}},
    note = {Online; accessed 29 January 2014} ,
    year=2013,
}

@article{ioannidis2005,
  title={Why most published research findings are false},
  author={Ioannidis, John PA},
  journal={PLoS Medicine},
  volume={2},
  number={8},
  pages={e124},
  year={2005},
  publisher={Public Library of Science}
}

@article{frei2010,
  title={Controversies in epilepsy: debates held during the Fourth International Workshop on Seizure Prediction},
  author={Frei, Mark G and Zaveri, Hitten P and Arthurs, Susan and Bergey, Gregory K and Jouny, Christophe C and Lehnertz, Klaus and Gotman, Jean and Osorio, Ivan and Netoff, Theoden I and Freeman, Walter J and others},
  journal={Epilepsy \& Behavior},
  volume={19},
  number={1},
  pages={4--16},
  year={2010},
  publisher={Elsevier}
}

@article{ince2012,
  title={The case for open computer programs},
  author={Ince, Darrel C and Hatton, Leslie and Graham-Cumming, John},
  journal={Nature},
  volume={482},
  number={7386},
  pages={485--488},
  year={2012},
  publisher={Nature Publishing Group}
}

@incollection{claerbout1992,
  title={Electronic documents give reproducible research a new meaning},
  author={Claerbout, Jon F and Karrenbach, Martin},
  booktitle={SEG Technical Program Expanded Abstracts 1992},
  pages={601--604},
  year={1992},
  publisher={Society of Exploration Geophysicists}
}

@article{nelson1959,
  title={The simple economics of basic scientific research},
  author={Nelson, Richard R},
  journal={Journal of political economy},
  volume={67},
  number={3},
  pages={297--306},
  year={1959},
  publisher={The University of Chicago Press}
}


@online{CodeS,
    author = "{Universitat Pompeu Fabra}",
    title = {{Source code for the computation of the nonlinear predictability score}},
    howpublished = {\url{https://repositori.upf.edu/handle/10230/42941}},
     year=2014,
}


@article{otarula2019,
  title={Automated seizure detection accuracy for ambulatory EEG recordings},
  author={Ot{\'a}rula, Karina A Gonz{\'a}lez and Mikhaeil-Demo, Yara and Bachman, Elizabeth M and Balaguera, Pedro and Schuele, Stephan},
  journal={Neurology},
  volume={92},
  number={14},
  pages={e1540--e1546},
  year={2019},
  publisher={AAN Enterprises}
}

@article{tamilia2018,
  title={Surgical resection of ripple onset predicts outcome in pediatric epilepsy},
  author={Tamilia, Eleonora and Park, Eun-Hyoung and Percivati, Stefania and Bolton, Jeffrey and Taffoni, Fabrizio and Peters, Jurriaan M and Grant, P Ellen and Pearl, Phillip L and Madsen, Joseph R and Papadelis, Christos},
  journal={Annals of Neurology},
  volume={84},
  number={3},
  pages={331--346},
  year={2018},
  publisher={Wiley Online Library}
}

@article{iasemidis1988,
  title={Modelling of ECoG in temporal lobe epilepsy},
  author={Iasemidis, Leonidas D and Zaveri, Hitten P and Sackellares, J Chris and Williams, William J},
  journal={Biomedical Sciences Instrumentation},
  volume={24},
  pages={187--193},
  year={1988},
  publisher={Citeseer}
}

@article{chakravarthy2009,
  title={Controlling epileptic seizures in a neural mass model},
  author={Chakravarthy, Niranjan and Sabesan, Shivkumar and Tsakalis, Kostas and Iasemidis, Leon},
  journal={Journal of Combinatorial Optimization},
  volume={17},
  number={1},
  pages={98--116},
  year={2009},
  publisher={Springer}
}


%%DATABASES
%%andrzejak2001b -- Bonn

@article{zwolinski2010,
  title={Open database of epileptic EEG with MRI and postoperational assessment of foci—a real world verification for the EEG inverse solutions},
  author={Zwoli{\'n}ski, Piotr and Roszkowski, Marcin and {\.Z}ygierewicz, Jaroslaw and Haufe, Stefan and Nolte, Guido and Durka, Piotr J},
  journal={Neuroinformatics},
  volume={8},
  number={4},
  pages={285--299},
  year={2010},
  publisher={Springer}
}


@inproceedings{wagenaar2013,
  title={A multimodal platform for cloud-based collaborative research},
  author={Wagenaar, Joost B and Brinkmann, Benjamin H and Ives, Zachary and Worrell, Gregory A and Litt, Brian},
  booktitle={2013 6th International IEEE EMBS conference on neural engineering, NER},
  pages={1386--1389},
  year={2013},
  organization={IEEE}
}

@article{selvaraj2014,
  title={EEG database of seizure disorders for experts and application developers},
  author={Selvaraj, Thomas George and Ramasamy, Balakrishnan and Jeyaraj, Stanly Johnson and Suviseshamuthu, Easter Selvan},
  journal={Clinical EEG and Neuroscience},
  volume={45},
  number={4},
  pages={304--309},
  year={2014},
  publisher={Sage Publications Sage CA: Los Angeles, CA}
}


%%%%MIT-CHB
@phdthesis{shoeb2009,
  author       = {Shoeb, Ali H}, 
  title        = {Application of Machine Learning to Epileptic Seizure Onset Detection and Treatment},
  school       = {Massachusetts Institute of Technology},
  year         =   {September 2009}
}


@inproceedings{shoeb2010,
  title={Application of machine learning to epileptic seizure detection},
  author={Shoeb, Ali H and Guttag, John V},
  booktitle={Proceedings of the 27th International Conference on Machine Learning (ICML-10)},
  pages={975--982},
  year={2010}
}

@article{klatt2012,
  title={The EPILEPSIAE database: An extensive electroencephalography database of epilepsy patients},
  author={Klatt, Juliane and Feldwisch-Drentrup, Hinnerk and Ihle, Matthias and Navarro, Vincent and Neufang, Markus and Teixeira, Cesar and Adam, Claude and Valderrama, Mario and Alvarado-Rojas, Catalina and Witon, Adrien and others},
  journal={Epilepsia},
  volume={53},
  number={9},
  pages={1669--1676},
  year={2012},
  publisher={Wiley Online Library}
}

%%%MayoClinic
@article{baldassano2017,
  title={Crowdsourcing seizure detection: algorithm development and validation on human implanted device recordings},
  author={Baldassano, Steven N and Brinkmann, Benjamin H and Ung, Hoameng and Blevins, Tyler and Conrad, Erin C and Leyde, Kent and Cook, Mark J and Khambhati, Ankit N and Wagenaar, Joost B and Worrell, Gregory A and others},
  journal={Brain},
  volume={140},
  number={6},
  pages={1680--1691},
  year={2017},
  publisher={Oxford University Press}
}

%%Temple University EEG Corpus
@article{obeid2016,
  title={The temple university hospital EEG data corpus},
  author={Obeid, Iyad and Picone, Joseph},
  journal={Frontiers in Neuroscience},
  volume={10},
  pages={196},
  year={2016},
  publisher={Frontiers}
}

%%ieee.org
@article{kini2016,
  title={Data integration: combined imaging and electrophysiology data in the cloud},
  author={Kini, Lohith G and Davis, Kathryn A and Wagenaar, Joost B},
  journal={Neuroimage},
  volume={124},
  pages={1175--1181},
  year={2016},
  publisher={Elsevier}
}

@article{wagenaar2015,
  title={Collaborating and sharing data in epilepsy research},
  author={Wagenaar, Joost B and Worrell, Gregory A and Ives, Zachary and D{\"u}mpelmann, Matthias and Litt, Brian and Schulze-Bonhage, Andreas},
  journal={Journal of Clinical Neurophysiology},
  volume={32},
  number={3},
  pages={235},
  year={2015},
  publisher={NIH Public Access}
}


@article{ramantani2016,
  title={Correlation of invasive EEG and scalp EEG},
  author={Ramantani, Georgia and Maillard, Louis and Koessler, Laurent},
  journal={Seizure},
  volume={41},
  pages={196--200},
  year={2016},
  publisher={Elsevier}
}

%% L  ------------------------------------------------
@article{smirnov2005,
  title={Detection of weak directional coupling: Phase-dynamics approach versus state-space approach},
  author={Smirnov, Dmitry A and Andrzejak, Ralph G},
  journal={Physical Review E},
  volume={71},
  number={3},
  pages={036207},
  year={2005},
  publisher={APS}
}

@article{quiroga2002,
  title={Performance of different synchronization measures in real data: a case study on electroencephalographic signals},
  author={Quiroga, R Quian and Kraskov, A and Kreuz, T and Grassberger, Peter},
  journal={Physical Review E},
  volume={65},
  number={4},
  pages={041903},
  year={2002},
  publisher={APS}
}

@article{quiroga2000,
  title = {Learning driver-response relationships from synchronization patterns},
  author = {Quiroga, R. Quian and Arnhold, J. and Grassberger, P.},
  journal = {Physical Review E},
  volume = {61},
  issue = {5},
  pages = {5142--5148},
  numpages = {0},
  year = {2000},
  month = {May},
  publisher = {American Physical Society},
}


@article{schiff1996,
  title={Detecting dynamical interdependence and generalized synchrony through mutual prediction in a neural ensemble},
  author={Schiff, Steven J and So, Paul and Chang, Taeun and Burke, Robert E and Sauer, Tim},
  journal={Physical Review E},
  volume={54},
  number={6},
  pages={6708},
  year={1996},
  publisher={APS}
}


%% Sueño

@inproceedings{jain2015,
  title={Sleep and epilepsy},
  author={Jain, Sejal V and Kothare, Sanjeev V},
  booktitle={Seminars in Pediatric Neurology},
  volume={22},
  number={2},
  pages={86--92},
  year={2015},
  organization={Elsevier}
}

@article{rocamora2013,
  title={Sleep modulation of epileptic activity in mesial and neocortical temporal lobe epilepsy: a study with depth and subdural electrodes},
  author={Rocamora, Rodrigo and Andrzejak, Ralph G and Jim{\'e}nez-Conde, Jordi and Elger, Christian E},
  journal={Epilepsy \& Behavior},
  volume={28},
  number={2},
  pages={185--190},
  year={2013},
  publisher={Elsevier}
}

@article{daley2018,
  title={Sleep, circadian rhythms, and epilepsy},
  author={Daley, Joseph T and DeWolfe, Jennifer L},
  journal={Current Treatment Options in Neurology},
  volume={20},
  number={11},
  pages={47},
  year={2018},
  publisher={Springer}
}

@article{andrillon2011,
  title={Sleep spindles in humans: insights from intracranial EEG and unit recordings},
  author={Andrillon, Thomas and Nir, Yuval and Staba, Richard J and Ferrarelli, Fabio and Cirelli, Chiara and Tononi, Giulio and Fried, Itzhak},
  journal={Journal of Neuroscience},
  volume={31},
  number={49},
  pages={17821--17834},
  year={2011},
  publisher={Soc Neuroscience}
}

%%%% ICTAL

@article{geier2015,
  title={How important is the seizure onset zone for seizure dynamics?},
  author={Geier, Christian and Bialonski, Stephan and Elger, Christian E and Lehnertz, Klaus},
  journal={Seizure},
  volume={25},
  pages={160--166},
  year={2015},
  publisher={Elsevier}
}

@article{gnatkovsky2011,
  title={Identification of reproducible ictal patterns based on quantified frequency analysis of intracranial EEG signals},
  author={Gnatkovsky, Vadym and Francione, Stefano and Cardinale, Francesco and Mai, Roberto and Tassi, Laura and Lo Russo, Giorgio and De Curtis, Marco},
  journal={Epilepsia},
  volume={52},
  number={3},
  pages={477--488},
  year={2011},
  publisher={Wiley Online Library}
}
@article{wendling2008, 
  title={Spatial analysis of intracerebral electroencephalographic signals in the time and frequency domain: identification of epileptogenic networks in partial epilepsy},
  author={Wendling, Fabrice and Bartolomei, Fabrice and Senhadji, Lotfi},
  journal={Philosophical Transactions of the Royal Society A: Mathematical, Physical and Engineering Sciences},
  volume={367},
  number={1887},
  pages={297--316},
  year={2008},
  publisher={The Royal Society London}
}
@article{rummel2015,
  title={Resected brain tissue, seizure onset zone and quantitative EEG measures: towards prediction of post-surgical seizure control},
  author={Rummel, Christian and Abela, Eugenio and Andrzejak, Ralph G and Hauf, Martinus and Pollo, Claudio and M{\"u}ller, Markus and Weisstanner, Christian and Wiest, Roland and Schindler, Kaspar},
  journal={PLoS One},
  volume={10},
  number={10},
  pages={e0141023},
  year={2015},
  publisher={Public Library of Science}
}
@article{vilavidal2017,
  title={Detection of recurrent activation patterns across focal seizures: Application to seizure onset zone identification},
  author={Vila-Vidal, Manel and Principe, Alessandro and Ley, Miguel and Deco, Gustavo and Campo, Adri{\`a} Tauste and Rocamora, Rodrigo},
  journal={Clinical Neurophysiology},
  volume={128},
  number={6},
  pages={977--985},
  year={2017},
  publisher={Elsevier}
}

@article{alarcon1995,
  title={Power spectrum and intracranial EEG patterns at seizure onset in partial epilepsy},
  author={Alarcon, Gonzalo and Binnie, CD and Elwes, RDC and Polkey, CE},
  journal={Electroencephalography and Clinical Neurophysiology},
  volume={94},
  number={5},
  pages={326--337},
  year={1995},
  publisher={Elsevier}
}

@article{bower2012,
  title={Spatiotemporal neuronal correlates of seizure generation in focal epilepsy},
  author={Bower, Mark R and Stead, Matt and Meyer, Fredric B and Marsh, W Richard and Worrell, Gregory A},
  journal={Epilepsia},
  volume={53},
  number={5},
  pages={807--816},
  year={2012},
  publisher={Wiley Online Library}
}

@article{leguia2019,
  title={Inferring directed networks using a rank-based connectivity measure},
  author={Leguia, Marc G and B. Mart{\'\i}nez, Cristina G and Malvestio, Irene and Campo, Adri{\`a} Tauste and Rocamora, Rodrigo and Levnaji{\'c}, Zoran and Andrzejak, Ralph G},
  journal={Physical Review E},
  volume={99},
  number={1},
  pages={012319},
  year={2019},
  publisher={APS}
}

@article{muller2018a,
  title={Evaluating resective surgery targets in epilepsy patients: A comparison of quantitative EEG methods},
  author={M{\"u}ller, Michael and Schindler, Kaspar and Goodfellow, Marc and Pollo, Claudio and Rummel, Christian and Steimer, Andreas},
  journal={Journal of Neuroscience Methods},
  volume={305},
  pages={54--66},
  year={2018},
  publisher={Elsevier}
}


@article{muller2018b,
  title={Virtual Resection for Predicting the Outcome of Epilepsy Surgery},
  author={M{\"u}ller, Michael and Rummel, Christian and Schindler, Kaspar and Steimer, Andreas},
  journal={Epileptologie},
  volume={35},
  pages={162--170},
  year={2018},
}

%%%References Ralph, 2001 ¬ 2006
@article{lehnertz1995,
  title={Spatio-temporal dynamics of the primary epileptogenic area in temporal lobe epilepsy characterized by neuronal complexity loss},
  author={Lehnertz, Klaus and  Elger, Christian E},
  journal={Electroencephalography and Clinical Neurophysiology},
  volume={95},
  number={2},
  pages={108--117},
  year={1995},
  publisher={Elsevier}
}

@article{tuunainen1995,
  title={Spectral EEG during short-term discontinuation of antiepileptic medication in partial epilepsy},
  author={Tuunainen, A and Nousiainen, U and Pilke, A and Mervaala, E and Partanen, J and Riekkinen, P},
  journal={Epilepsia},
  volume={36},
  number={8},
  pages={817--823},
  year={1995},
  publisher={Wiley Online Library}
}

@article{wang1994,
  title={Regional “rigidity” of background EEG activity in the epileptogenic zone},
  author={Wang, Jijun and Wieser, Heinz Gregor},
  journal={Epilepsia},
  volume={35},
  number={3},
  pages={495--504},
  year={1994},
  publisher={Wiley Online Library}
}

@article{gambardella1995,
  title={Focal intermittent delta activity in patients with mesiotemporal atrophy: a reliable marker of the epileptogenic focus},
  author={Gambardella, Antonio and Gotman, Jean and Cendes, Fernando and Andermann, Frederick},
  journal={Epilepsia},
  volume={36},
  number={2},
  pages={122--129},
  year={1995},
  publisher={Wiley Online Library}
}

@article{pijn1997,
  title={Nonlinear dynamics of epileptic seizures on basis of intracranial EEG recordings},
  author={Pijn, Jan Pieter M and Velis, Demetrios N and van der Heyden, Marcel J and DeGoede, Jaap and van Veelen, Cees WM and da Silva, Fernando H Lopes},
  journal={Brain Topography},
  volume={9},
  number={4},
  pages={249--270},
  year={1997},
  publisher={Springer}
}

@article{weber1998,
  title={Neuronal complexity loss in interictal EEG recorded with foramen ovale electrodes predicts side of primary epileptogenic area in temporal lobe epilepsy: a replication study},
  author={Weber, B and Lehnertz, Klaus and  Elger, Christian E and Wieser, Heinz Gregor},
  journal={Epilepsia},
  volume={39},
  number={9},
  pages={922--927},
  year={1998},
  publisher={Wiley Online Library}
}

@article{gersch1970,
  title={Epileptic focus location: spectral analysis method},
  author={Gersch, Will and Goddard, GV},
  journal={Science},
  volume={169},
  number={3946},
  pages={701--702},
  year={1970},
  publisher={American Association for the Advancement of Science}
}

@article{widman2000,
  title={Spatial distribution of neuronal complexity loss in neocortical lesional epilepsies},
  author={Widman, Guido and Lehnertz, K and Urbach, H and Elger, CE},
  journal={Epilepsia},
  volume={41},
  number={7},
  pages={811--817},
  year={2000},
  publisher={Wiley Online Library}
}

@article{drake1998,
  title={Interictal quantitative EEG in epilepsy},
  author={Drake, Miles E and Padamadan, Hosi and Newell, Sharon A},
  journal={Seizure},
  volume={7},
  number={1},
  pages={39--42},
  year={1998},
  publisher={Elsevier}
}

@article{marciani1992,
  title={Lateralization of the epileptogenic focus by computerized EEG study and neuropsychological evaluation},
  author={Marciani, MG and Stefanini, F and Stefani, N and Maschio, MCE and Gigli, GL and Roncacci, S and Caltagirone, C and Bernardi, G},
  journal={International Journal of Neuroscience},
  volume={66},
  number={1-2},
  pages={53--60},
  year={1992},
  publisher={Taylor \& Francis}
}

@article{nuwer1988,
  title={Frequency analysis and topographic mapping of EEG and evoked potentials in epilepsy},
  author={Nuwer, Marc R},
  journal={Electroencephalography and Clinical Neurophysiology},
  volume={69},
  number={2},
  pages={118--126},
  year={1988},
  publisher={Elsevier}
}

@article{panet1990,
  title={Asymmetry in delta activity in patients with focal epilepsy},
  author={Panet-Raymond, D and Gotman, J},
  journal={Electroencephalography and Clinical Neurophysiology},
  volume={75},
  number={6},
  pages={474--481},
  year={1990},
  publisher={Elsevier}
}


%%%References Benefit Srrogates/nonrandomness
@article{varotto2012,
  title={Epileptogenic networks of type II focal cortical dysplasia: a stereo-EEG study},
  author={Varotto, Giulia and Tassi, Laura and Franceschetti, Silvana and Spreafico, Roberto and Panzica, Ferruccio},
  journal={Neuroimage},
  volume={61},
  number={3},
  pages={591--598},
  year={2012},
  publisher={Elsevier}
}

@article{paluvs2001,
  title={Synchronization as adjustment of information rates: detection from bivariate time series},
  author={Palu{\v{s}}, Milan and Kom{\'a}rek, Vladim{\'\i}r and Hrn{\v{c}}{\'\i}{\v{r}}, Zbyn{\v{e}}k and {\v{S}}t{\v{e}}rbov{\'a}, Katalin},
  journal={Physical Review E},
  volume={63},
  number={4},
  pages={046211},
  year={2001},
  publisher={APS}
}

@article{sabesan2009,
  title={Information flow and application to epileptogenic focus localization from intracranial EEG},
  author={Sabesan, Shivkumar and Good, Levi B and Tsakalis, Konstantinos S and Spanias, Andreas and Treiman, David M and Iasemidis, Leon D},
  journal={IEEE Transactions on Neural Systems and Rehabilitation Engineering},
  volume={17},
  number={3},
  pages={244--253},
  year={2009},
  publisher={IEEE}
}

@article{staniek2008,
  title={Symbolic transfer entropy},
  author={Staniek, Matth{\"a}us and Lehnertz, Klaus},
  journal={Physical Review Letters},
  volume={100},
  number={15},
  pages={158101},
  year={2008},
  publisher={APS}
}
@article{prusseit2008,
  title={Measuring interdependences in dissipative dynamical systems with estimated Fokker-Planck coefficients},
  author={Prusseit, Jens and Lehnertz, Klaus},
  journal={Physical Review E},
  volume={77},
  number={4},
  pages={041914},
  year={2008},
  publisher={APS}
}

@article{Arnhold1999,
title = "A robust method for detecting interdependences: application to intracranially recorded EEG",
journal = "Physica D: Nonlinear Phenomena",
volume = "134",
number = "4",
pages = "419 - 430",
year = "1999",
author = "Jochen Arnhold and P. Grassberger and K. Lehnertz and C.E. Elger",
}

@article{BenJacob2007,
  title={Detecting and localizing the foci in human epileptic seizures},
  author={Ben-Jacob, Eshel and Boccaletti, Stefano and Pomyalov, Anna and Procaccia, Itamar and Towle, Vernon L},
  journal={Chaos: An Interdisciplinary Journal of Nonlinear Science},
  volume={17},
  number={4},
  pages={043113},
  year={2007},
  publisher={AIP}
}

@article{towle1998,
  title={Identification of the sensory/motor area and pathologic regions using ECoG coherence},
  author={Towle, Vernon L and Syed, Ibrahim and Berger, Catherine and Grzesczcuk, Robert and Milton, John and Erickson, Robert K and Cogen, Philip and Berkson, Eric and Spire, Jean-Paul},
  journal={Electroencephalography and Clinical Neurophysiology},
  volume={106},
  number={1},
  pages={30--39},
  year={1998},
  publisher={Elsevier}
}

@article{zaveri2009,
  title={Localization-related epilepsy exhibits significant connectivity away from the seizure-onset area},
  author={Zaveri, Hitten P and Pincus, Steven M and Goncharova, Irina I and Duckrow, Robert B and Spencer, Dennis D and Spencer, Susan S},
  journal={NeuroReport},
  volume={20},
  number={9},
  pages={891--895},
  year={2009},
  publisher={LWW}
}
%%%Introduccioón: 

@article{Lehnertz1997,
title = "Neuronal complexity loss in temporal lobe epilepsy: effects of carbamazepine on the dynamics of the epileptogenic focus",
journal = "Electroencephalography and Clinical Neurophysiology",
volume = "103",
number = "3",
pages = "376 - 380",
year = "1997",
author = "K. Lehnertz and C.E. Elger",

}

@article{lehnertz2017,
  title={Capturing time-varying brain dynamics},
  author={Lehnertz, Klaus and Geier, Christian and Rings, Thorsten and Stahn, Kirsten},
  journal={EPJ Nonlinear Biomedical Physics},
  volume={5},
  pages={2},
  year={2017},
  publisher={EDP Sciences}
}

@article{lehnertz2009,
  title={Synchronization phenomena in human epileptic brain networks},
  author={Lehnertz, Klaus and Bialonski, Stephan and Horstmann, Marie-Therese and Krug, Dieter and Rothkegel, Alexander and Staniek, Matth{\"a}us and Wagner, Tobias},
  journal={Journal of Neuroscience Methods},
  volume={183},
  number={1},
  pages={42--48},
  year={2009},
  publisher={Elsevier}
}
@article{lehnertz2014,
  title={Evolving networks in the human epileptic brain},
  author={Lehnertz, Klaus and Ansmann, Gerrit and Bialonski, Stephan and Dickten, Henning and Geier, Christian and Porz, Stephan},
  journal={Physica D: Nonlinear Phenomena},
  volume={267},
  pages={7--15},
  year={2014},
  publisher={Elsevier}
}

@article{kramer2012,
  title={Epilepsy as a disorder of cortical network organization},
  author={Kramer, Mark A and Cash, Sydney S},
  journal={The Neuroscientist},
  volume={18},
  number={4},
  pages={360--372},
  year={2012},
  publisher={Sage Publications Sage CA: Los Angeles, CA}
}

@article{vanDiesel2013,
  title={Functional and structural brain networks in epilepsy: what have we learned?},
  author={van Diessen, Eric and Diederen, Sander JH and Braun, Kees PJ and Jansen, Floor E and Stam, Cornelis J},
  journal={Epilepsia},
  volume={54},
  number={11},
  pages={1855--1865},
  year={2013},
  publisher={Wiley Online Library}
}

%Microelectrodos
@article{wagner2015,
  title={Microscale spatiotemporal dynamics during neocortical propagation of human focal seizures},
  author={Wagner, Fabien B and Eskandar, Emad N and Cosgrove, G Rees and Madsen, Joseph R and Blum, Andrew S and Potter, N Stevenson and Hochberg, Leigh R and Cash, Sydney S and Truccolo, Wilson},
  journal={Neuroimage},
  volume={122},
  pages={114--130},
  year={2015},
  publisher={Elsevier}
}

@article{weiss2013,
  title={Ictal high frequency oscillations distinguish two types of seizure territories in humans},
  author={Weiss, Shennan A and Banks, Garrett P and McKhann Jr, Guy M and Goodman, Robert R and Emerson, Ronald G and Trevelyan, Andrew J and Schevon, Catherine A},
  journal={Brain},
  volume={136},
  number={12},
  pages={3796--3808},
  year={2013},
  publisher={Oxford University Press}
}

@article{martinet2017,
  title={Human seizures couple across spatial scales through travelling wave dynamics},
  author={Martinet, Louis-Emmanuel and Fiddyment, Grant and Madsen, JR and Eskandar, EN and Truccolo, Wilson and Eden, Uri T and Cash, SS and Kramer, Mark A},
  journal={Nature Communications},
  volume={8},
  pages={14896},
  year={2017},
  publisher={Nature Publishing Group}
}

@article{weiss2016,
  title={Ictal onset patterns of local field potentials, high frequency oscillations, and unit activity in human mesial temporal lobe epilepsy},
  author={Weiss, Shennan A and Alvarado-Rojas, Catalina and Bragin, Anatol and Behnke, Eric and Fields, Tony and Fried, Itzhak and Engel Jr, Jerome and Staba, Richard},
  journal={Epilepsia},
  volume={57},
  number={1},
  pages={111--121},
  year={2016},
  publisher={Wiley Online Library}
}

@article{eissa2017,
  title={Cross-scale effects of neural interactions during human neocortical seizure activity},
  author={Eissa, Tahra L and Dijkstra, Koen and Brune, Christoph and Emerson, Ronald G and Van Putten, Michel JAM and Goodman, Robert R and McKhann, Guy M and Schevon, Catherine A and van Drongelen, Wim and van Gils, Stephan A},
  journal={Proceedings of the National Academy of Sciences},
  volume={114},
  number={40},
  pages={10761--10766},
  year={2017},
  publisher={National Acad Sciences}
}
@article{merricks2015,
  title={Single unit action potentials in humans and the effect of seizure activity},
  author={Merricks, Edward M and Smith, Elliot H and McKhann, Guy M and Goodman, Robert R and Bateman, Lisa M and Emerson, Ronald G and Schevon, Catherine A and Trevelyan, Andrew J},
  journal={Brain},
  volume={138},
  number={10},
  pages={2891--2906},
  year={2015},
  publisher={Oxford University Press}
}

@article{bower2015,
  title={Evidence for consolidation of neuronal assemblies after seizures in humans},
  author={Bower, Mark R and Stead, Matt and Bower, Regina S and Kucewicz, Michal T and Sulc, Vlastimil and Cimbalnik, Jan and Brinkmann, Benjamin H and Vasoli, Vincent M and Louis, Erik K St and Meyer, Fredric B and others},
  journal={Journal of Neuroscience},
  volume={35},
  number={3},
  pages={999--1010},
  year={2015},
  publisher={Soc Neuroscience}
}

@article{schevon2008,
  title={Microphysiology of Epileptiform Activity in Human Neocortex},
  author={Schevon, Catherine A and Ng, Sau K and Cappell, Joshua and Goodman, Robert R and McKhann Jr, Guy and Waziri, Allen and Branner, Almut and Sosunov, Alexandre and Schroeder, Charles E and Emerson, Ronald G},
  journal={Journal of Clinical Neurophysiology},
  volume={25},
  number={6},
  pages={321--330},
  year={2008},
  publisher={LWW}
}

@article{schevon2010,
  title={Propagation of Epileptiform Activity on a Submillimeter Scale},
  author={Schevon, Catherine A and Goodman, RR and McKhann Jr, G and Emerson, RG},
  journal={Journal of Clinical Neurophysiology},
  volume={27},
  number={6},
  pages={406--411},
  year={2010},
  publisher={LWW}
}

@article{schevon2012,
  title={Evidence of an inhibitory restraint of seizure activity in humans},
  author={Schevon, Catherine A and Weiss, Shennan A and McKhann Jr, Guy and Goodman, Robert R and Yuste, Rafael and Emerson, Ronald G and Trevelyan, Andrew J},
  journal={Nature Communications},
  volume={3},
  pages={1060},
  year={2012},
  publisher={Nature Publishing Group}
}

@article{truccolo2011,
  title={Single-neuron dynamics in human focal epilepsy},
  author={Truccolo, Wilson and Donoghue, Jacob A and Hochberg, Leigh R and Eskandar, Emad N and Madsen, Joseph R and Anderson, William S and Brown, Emery N and Halgren, Eric and Cash, Sydney S},
  journal={Nature Neuroscience},
  volume={14},
  number={5},
  pages={635},
  year={2011},
  publisher={Nature Publishing Group}
}


@article{truccolo2014,
  title={Neuronal ensemble synchrony during human focal seizures},
  author={Truccolo, Wilson and Ahmed, Omar J and Harrison, Matthew T and Eskandar, Emad N and Cosgrove, G Rees and Madsen, Joseph R and Blum, Andrew S and Potter, N Stevenson and Hochberg, Leigh R and Cash, Sydney S},
  journal={Journal of Neuroscience},
  volume={34},
  number={30},
  pages={9927--9944},
  year={2014},
  publisher={Soc Neuroscience}
}

@article{worrell2008,
  title={High-frequency oscillations in human temporal lobe: simultaneous microwire and clinical macroelectrode recordings},
  author={Worrell, Greg A and Gardner, Andrew B and Stead, S Matt and Hu, Sanqing and Goerss, Steve and Cascino, Gregory J and Meyer, Fredric B and Marsh, Richard and Litt, Brian},
  journal={Brain},
  volume={131},
  number={4},
  pages={928--937},
  year={2008},
  publisher={Oxford University Press}
}
%%%%HFO
@article{staba2002a,
  title={Quantitative analysis of high-frequency oscillations (80--500 Hz) recorded in human epileptic hippocampus and entorhinal cortex},
  author={Staba, Richard J and Wilson, Charles L and Bragin, Anatol and Fried, Itzhak and Engel Jr, Jerome},
  journal={Journal of Neurophysiology},
  volume={88},
  number={4},
  pages={1743--1752},
  year={2002},
  publisher={American Physiological Society Bethesda, MD}
}

@article{bragin1999a,
  title={High-frequency oscillations in human brain},
  author={Bragin, Anatol and Engel Jr, Jerome and Wilson, Charles L and Fried, Itzhak and Buzs{\'a}ki, Gyorgy},
  journal={Hippocampus},
  volume={9},
  number={2},
  pages={137--142},
  year={1999},
  publisher={Wiley Online Library}
}

@article{bragin1999b,
  title={Hippocampal and entorhinal cortex high-frequency oscillations (100--500 Hz) in human epileptic brain and in kainic acid-treated rats with chronic seizures},
  author={Bragin, Anatol and Engel, Jerome and Wilson, Charles L and Fried, Itzhak and Mathern, Gary W},
  journal={Epilepsia},
  volume={40},
  number={2},
  pages={127--137},
  year={1999},
  publisher={Wiley Online Library}
}

@article{bragin2002a,
  title={Local generation of fast ripples in epileptic brain},
  author={Bragin, Anatol and Mody, Istvan and Wilson, Charles L and Engel, Jerome},
  journal={Journal of Neuroscience},
  volume={22},
  number={5},
  pages={2012--2021},
  year={2002},
  publisher={Soc Neuroscience}
}

@article{bragin2002b,
  title={Interictal high-frequency oscillations (80--500Hz) in the human epileptic brain: Entorhinal cortex},
  author={Bragin, Anatol and Wilson, Charles L and Staba, Richard J and Reddick, Mark and Fried, Itzhak and Engel Jr, Jerome},
  journal={Annals of Neurology: Official Journal of the American Neurological Association and the Child Neurology Society},
  volume={52},
  number={4},
  pages={407--415},
  year={2002},
  publisher={Wiley Online Library}
}
%%%%% Microelectrodes
@article{blanco2011,
  title={Data mining neocortical high-frequency oscillations in epilepsy and controls},
  author={Blanco, Justin A and Stead, Matt and Krieger, Abba and Stacey, William and Maus, Douglas and Marsh, Eric and Viventi, Jonathan and Lee, Kendall H and Marsh, Richard and Litt, Brian and others},
  journal={Brain},
  volume={134},
  number={10},
  pages={2948--2959},
  year={2011},
  publisher={Oxford University Press}
}

@article{hu2014,
  title={Increase trend of correlation and phase synchrony of microwire iEEG before macroseizure onset},
  author={Hu, Sanqing and Chi, Jianfen and Zhang, Jianhai and Kong, Wanzeng and Cao, Yu and He, Bin},
  journal={Cognitive Neurodynamics},
  volume={8},
  number={2},
  pages={111--126},
  year={2014},
  publisher={Springer}
}

@article{chatillon2013,
  title={Influence of contact size on the detection of HFOs in human intracerebral EEG recordings},
  author={Ch{\^a}tillon, Claude E and Zelmann, R and Hall, JA and Olivier, A and Dubeau, F and Gotman, J},
  journal={Clinical Neurophysiology},
  volume={124},
  number={8},
  pages={1541--1546},
  year={2013},
  publisher={Elsevier}
}

@article{stead2010,
  title={Microseizures and the spatiotemporal scales of human partial epilepsy},
  author={Stead, Matt and Bower, Mark and Brinkmann, Benjamin H and Lee, Kendall and Marsh, W Richard and Meyer, Fredric B and Litt, Brian and Van Gompel, Jamie and Worrell, Greg A},
  journal={Brain},
  volume={133},
  number={9},
  pages={2789--2797},
  year={2010},
  publisher={Oxford University Press}
}

@article{kondylis2014,
  title={Detection of high-frequency oscillations by hybrid depth electrodes in standard clinical intracranial EEG recordings},
  author={Kondylis, Efstathios D and Wozny, Thomas A and Lipski, Witold J and Popescu, Alexandra and DeStefino, Vincent J and Esmaeili, Behnaz and Raghu, Vineet K and Bagic, Anto and Richardson, R Mark},
  journal={Frontiers in Neurology},
  volume={5},
  pages={149},
  year={2014},
  publisher={Frontiers}
}

%%%%SPIKE
@article{staba2002b,
  title={Sleep states differentiate single neuron activity recorded from human epileptic hippocampus, entorhinal cortex, and subiculum},
  author={Staba, Richard J and Wilson, Charles L and Bragin, Anatol and Fried, Itzhak and Engel, Jerome},
  journal={Journal of Neuroscience},
  volume={22},
  number={13},
  pages={5694--5704},
  year={2002},
  publisher={Soc Neuroscience}
}

@article{gast2016,
  title={Burst firing of single neurons in the human medial temporal lobe changes before epileptic seizures},
  author={Gast, Heidemarie and Niediek, Johannes and Schindler, Kaspar and Bostr{\"o}m, Jan and Coenen, Volker A and Beck, Heinz and Elger, Christian E and Mormann, Florian},
  journal={Clinical Neurophysiology},
  volume={127},
  number={10},
  pages={3329--3334},
  year={2016},
  publisher={Elsevier}
}

@article{reber2017,
  title={Single-neuron correlates of conscious perception in the human medial temporal lobe},
  author={Reber, Thomas P and Faber, Jennifer and Niediek, Johannes and Bostr{\"o}m, Jan and Elger, Christian E and Mormann, Florian},
  journal={Current Biology},
  volume={27},
  number={19},
  pages={2991--2998},
  year={2017},
  publisher={Elsevier}
}

@article{tankus2016,
  title={Exploring human epileptic activity at the single-neuron level},
  author={Tankus, Ariel},
  journal={Epilepsy \& Behavior},
  volume={58},
  pages={11--17},
  year={2016},
  publisher={Elsevier}
}

@article{valdez2012,
  title={A statistical method for predicting seizure onset zones from human single-neuron recordings},
  author={Valdez, Andr{\'e} B and Hickman, Erin N and Treiman, David M and Smith, Kris A and Steinmetz, Peter N},
  journal={Journal of Neural Engineering},
  volume={10},
  number={1},
  pages={016001},
  year={2012},
  publisher={IOP Publishing}
}

@article{lopour2016,
  title={Characterization of long-range functional connectivity in epileptic networks by neuronal spike-triggered local field potentials},
  author={Lopour, Beth A and Staba, Richard J and Stern, John M and Fried, Itzhak and Ringach, Dario L},
  journal={Journal of Neural Engineering},
  volume={13},
  number={2},
  pages={026031},
  year={2016},
  publisher={IOP Publishing}
}

@article{steinmetz2013,
  title={Firing behavior and network activity of single neurons in human epileptic hypothalamic hamartoma},
  author={Steinmetz, Peter N and Wait, Scott D and Lekovic, Gregory P and Rekate, Harold L and Kerrigan, John F},
  journal={Frontiers in Neurology},
  volume={4},
  pages={210},
  year={2013},
  publisher={Frontiers}
}

@article{misra2018,
  title={Increased neuronal synchrony prepares mesial temporal networks for seizures of neocortical origin},
  author={Misra, Amrit and Long, Xianda and Sperling, Michael R and Sharan, Ashwini D and Moxon, Karen A},
  journal={Epilepsia},
  volume={59},
  number={3},
  pages={636--649},
  year={2018},
  publisher={Wiley Online Library}
}

@article{keller2010,
  title={Heterogeneous neuronal firing patterns during interictal epileptiform discharges in the human cortex},
  author={Keller, Corey J and Truccolo, Wilson and Gale, John T and Eskandar, Emad and Thesen, Thomas and Carlson, Chad and Devinsky, Orrin and Kuzniecky, Ruben and Doyle, Werner K and Madsen, Joseph R and others},
  journal={Brain},
  volume={133},
  number={6},
  pages={1668--1681},
  year={2010},
  publisher={Oxford University Press}
}

@article{keller2016,
  title={The limited utility of multiunit data in differentiating neuronal population activity},
  author={Keller, Corey J and Chen, Christopher and Lado, Fred A and Khodakhah, Kamran},
  journal={PloS One},
  volume={11},
  number={4},
  pages={e0153154},
  year={2016},
  publisher={Public Library of Science}
}
%%%%

@article{bettus2008,
  title={Enhanced EEG functional connectivity in mesial temporal lobe epilepsy},
  author={Bettus, Gaelle and Wendling, Fabrice and Guye, Maxime and Valton, Luc and R{\'e}gis, Jean and Chauvel, Patrick and Bartolomei, Fabrice},
  journal={Epilepsy Research},
  volume={81},
  number={1},
  pages={58--68},
  year={2008},
  publisher={Elsevier}
}

@article{meesters2018,
  title={Modeling of intracerebral interictal epileptic discharges: Evidence for network interactions},
  author={Meesters, Stephan and Ossenblok, Pauly and Colon, Albert and Wagner, Louis and Schijns, Olaf and Boon, Paul and Florack, Luc and Fuster, Andrea},
  journal={Clinical Neurophysiology},
  volume={129},
  number={6},
  pages={1276--1290},
  year={2018},
  publisher={Elsevier}
}

@article{lagarde2018,
  title={Interictal stereotactic-EEG functional connectivity in refractory focal epilepsies},
  author={Lagarde, Stanislas and Roehri, Nicolas and Lambert, Isabelle and Trebuchon, Agn{\`e}s and McGonigal, Aileen and Carron, Romain and Scavarda, Didier and Milh, Mathieu and Pizzo, Francesca and Colombet, Bruno and others},
  journal={Brain},
  volume={141},
  number={10},
  pages={2966--2980},
  year={2018},
  publisher={Oxford University Press}
}

@inproceedings{sinha2014,
  title={An in silico approach for pre-surgical evaluation of an epileptic cortex},
  author={Sinha, Nishant and Dauwels, Justin and Wang, Yujiang and Cash, Sydney S and Taylor, Peter N},
  booktitle={Engineering in Medicine and Biology Society (EMBC), 2014 36th Annual International Conference of the IEEE},
  pages={4884--4887},
  year={2014},
  organization={IEEE}
}

@article{sinha2016,
  title={Predicting neurosurgical outcomes in focal epilepsy patients using computational modelling},
  author={Sinha, Nishant and Dauwels, Justin and Kaiser, Marcus and Cash, Sydney S and Brandon Westover, M and Wang, Yujiang and Taylor, Peter N},
  journal={Brain},
  volume={140},
  number={2},
  pages={319--332},
  year={2016},
  publisher={Oxford University Press}
}

@article{antony2013,
  title={Functional connectivity estimated from intracranial EEG predicts surgical outcome in intractable temporal lobe epilepsy},
  author={Antony, Arun R and Alexopoulos, Andreas V and Gonz{\'a}lez-Mart{\'\i}nez, Jorge A and Mosher, John C and Jehi, Lara and Burgess, Richard C and So, Norman K and Gal{\'a}n, Roberto F},
  journal={PLoS One},
  volume={8},
  number={10},
  pages={e77916},
  year={2013},
  publisher={Public Library of Science}
}

@article{ortega2008,
  title={Synchronization clusters of interictal activity in the lateral temporal cortex of epileptic patients: intraoperative electrocorticographic analysis},
  author={Ortega, Guillermo J and de la Prida, Liset Menendez and Sola, Rafael G and Pastor, Jesus},
  journal={Epilepsia},
  volume={49},
  number={2},
  pages={269--280},
  year={2008},
  publisher={Wiley Online Library}
}

@article{park2017,
  title={Granger Causality Analysis of Interictal iEEG Predicts Seizure Focus and Ultimate Resection},
  author={Park, Eun-Hyoung and Madsen, Joseph R},
  journal={Neurosurgery},
  volume={82},
  number={1},
  pages={99--109},
  year={2017},
  publisher={Oxford University Press}
}

@article{korzeniewska2014,
  title={Ictal propagation of high frequency activity is recapitulated in interictal recordings: effective connectivity of epileptogenic networks recorded with intracranial EEG},
  author={Korzeniewska, Anna and Cervenka, Mackenzie Carpenter and Jouny, Christophe C and Perilla, Juan R and Harezlak, Jaroslaw and Bergey, Gregory K and Franaszczuk, Piotr J and Crone, Nathan E},
  journal={Neuroimage},
  volume={101},
  pages={96--113},
  year={2014},
  publisher={Elsevier}
}
@article{tomlinson2017,
  title={Interictal network synchrony and local heterogeneity predict epilepsy surgery outcome among pediatric patients},
  author={Tomlinson, Samuel B and Porter, Brenda E and Marsh, Eric D},
  journal={Epilepsia},
  volume={58},
  number={3},
  pages={402--411},
  year={2017},
  publisher={Wiley Online Library}
}

@inproceedings{dauwels2014,
  title={Automated Localization of the Seizure Focus using Inter-ictal Intracranial EEG},
  author={Jin, Jing and Dauwels, Justin and Cash, Sydney},
  booktitle={Conference proceedings:... Annual International Conference of the IEEE Engineering in Medicine and Biology Society. IEEE Engineering in Medicine and Biology Society. Annual Conference},
  volume={2014},
  pages={4439--4442},
  year={2014},
  organization={Citeseer}
}

@inproceedings{dauwels2009,
  title={Localization of seizure onset area from intracranial non-seizure EEG by exploiting locally enhanced synchrony},
  author={Dauwels, Justin and Eskandar, Emad and Cash, Sydney S. },
  booktitle={2009 Annual International Conference of the IEEE Engineering in Medicine and Biology Society},
  pages={2180--2183},
  year={2009},
  organization={IEEE}
}

@article{warren2010,
  title={Synchrony in normal and focal epileptic brain: the seizure onset zone is functionally disconnected},
  author={Warren, Christopher P and Hu, Sanqing and Stead, Matt and Brinkmann, Benjamin H and Bower, Mark R and Worrell, Gregory A},
  journal={Journal of Neurophysiology},
  volume={104},
  number={6},
  pages={3530--3539},
  year={2010},
  publisher={American Physiological Society Bethesda, MD}
}

@article{schevon2007,
  title={Cortical abnormalities in epilepsy revealed by local EEG synchrony},
  author={Schevon, Catherine A and Cappell, J and Emerson, R and Isler, J and Grieve, P and Goodman, R and McKhann Jr, G and Weiner, H and Doyle, W and Kuzniecky, R and others},
  journal={Neuroimage},
  volume={35},
  number={1},
  pages={140--148},
  year={2007},
  publisher={Elsevier}
}


@article{osterhage2007,
  title={Measuring synchronization in the epileptic brain: a comparison of different approaches},
  author={Osterhage, Hannes and Mormann, Florian and Staniek, Matth{\"a}us and Lehnertz, Klaus},
  journal={International Journal of Bifurcation and Chaos},
  volume={17},
  number={10},
  pages={3539--3544},
  year={2007},
  publisher={World Scientific}
}

@article{mormann2000,
  title={Mean phase coherence as a measure for phase synchronization and its application to the EEG of epilepsy patients},
  author={Mormann, Florian and Lehnertz, Klaus and David, Peter and Elger, Christian E},
  journal={Physica D: Nonlinear Phenomena},
  volume={144},
  number={3-4},
  pages={358--369},
  year={2000},
  publisher={Elsevier}
}

%%%%-----

@article{casdagli1997,
  title={Non-linearity in invasive EEG recordings from patients with temporal lobe epilepsy},
  author={Casdagli, Martin C and Iasemidis, Leonidas D and Savit, Robert S and Gilmore, Robin L and Roper, Steven N and Sackellares, J Chris},
  journal={Electroencephalography and Clinical Neurophysiology},
  volume={102},
  number={2},
  pages={98--105},
  year={1997},
  publisher={Elsevier}
}

@article{Wennberg_EEGpatterns,
author = {Wennberg, Richard and Arruda, Francisco and Felipe Quesney, Luis and Olivier, André},
year = {2002},
month = {07},
pages = {716-26},
title = {Preeminence of Extrahippocampal Structures in the Generation of Mesial Temporal Seizures: Evidence from Human Depth Electrode Recordings},
volume = {43},
journal = {Epilepsia},

}

@article{perucca2013intracranial,
  title={Intracranial electroencephalographic seizure-onset patterns: effect of underlying pathology},
  author={Perucca, Piero and Dubeau, Fran{\c{c}}ois and Gotman, Jean},
  journal={Brain},
  volume={137},
  number={1},
  pages={183--196},
  year={2013},
  publisher={Oxford University Press}
}

@article{fisher2005,
  title={Epileptic seizures and epilepsy: definitions proposed by the International League Against Epilepsy (ILAE) and the International Bureau for Epilepsy (IBE)},
  author={Fisher, Robert S and Boas, Walter Van Emde and Blume, Warren and Elger, Christian and Genton, Pierre and Lee, Phillip and Engel Jr, Jerome},
  journal={Epilepsia},
  volume={46},
  number={4},
  pages={470--472},
  year={2005},
  publisher={Wiley Online Library}
}

@article{fisher2017,
  title={Instruction manual for the ILAE 2017 operational classification of seizure types},
  author={Fisher, Robert S and Cross, J Helen and D'Souza, Carol and French, Jacqueline A and Haut, Sheryl R and Higurashi, Norimichi and Hirsch, Edouard and Jansen, Floor E and Lagae, Lieven and Mosh{\'e}, Solomon L and others},
  journal={Epilepsia},
  volume={58},
  number={4},
  pages={531--542},
  year={2017},
  publisher={Wiley Online Library}
}

@article{reynolds2002,
  title={The ILAE/IBE/WHO epilepsy global campaign history},
  author={Reynolds, Edward H},
  journal={Epilepsia},
  volume={43},
  number={s6},
  pages={9--11},
  year={2002},
  publisher={Wiley Online Library}
}

@article{rosenow2001,
  title={Presurgical evaluation of epilepsy},
  author={Rosenow, Felix and L{\"u}ders, Hans},
  journal={Brain},
  volume={124},
  number={9},
  pages={1683--1700},
  year={2001},
  publisher={Oxford University Press}
}

@article{luders2006,
  title={The epileptogenic zone: general principles},
  author={L{\"u}ders, Hans O and Najm, Imad and Nair, Dileep and Widdess-Walsh, Peter and Bingman, William},
  journal={Epileptic Disorders},
  volume={8},
  number={2},
  pages={1--9},
  year={2006}
}

@article{EngelOutcome,
author = {Wieser, Heinz G and Blume, W.T. and Fish, D and Goldensohn, E and Hufnagel, A and King, D and Sperling, Michael and Lüders, H O and A. Pedley, Timothy},
year = {2001},
month = {03},
pages = {282-6},
title = {ILAE Commission Report. Proposal for a new classification of outcome with respect to epileptic seizures following epilepsy surgery},
volume = {42},
journal = {Epilepsia}
}


@article{wiebe2012,
  title={Pharmacoresistance and the role of surgery in difficult to treat epilepsy},
  author={Wiebe, Samuel and Jette, Nathalie},
  journal={Nature Reviews Neurology},
  volume={8},
  number={12},
  pages={669--677},
  year={2012},
  publisher={Nature Publishing Group}
}

@article{janszky2001surgically,
  title={Surgically treatable epilepsy--a review},
  author={Janszky, J and Rasonyi, G and Fogarasi, A and Bognar, L and Eross, L and Barsi, P and Halasz, P},
  journal={Orvosi hetilap},
  volume={142},
  number={30},
  pages={1597--1604},
  year={2001}
}

@article{berger1929elektrenkephalogramm,
  title={{\"U}ber das elektrenkephalogramm des menschen},
  author={Berger, Hans},
  journal={European Archives of Psychiatry and Clinical Neuroscience},
  volume={87},
  number={1},
  pages={527--570},
  year={1929},
  publisher={Springer}
}


@book{steriade2003neuronal,
  title={Neuronal substrates of sleep and epilepsy},
  author={Steriade, Mircea},
  year={2003},
  publisher={Cambridge University Press}
}

@incollection{Steriade2005101,
title = "Chapter 9 - Brain Electrical Activity and Sensory Processing during Waking and Sleep States ",
editor = "Kryger, Meir H. and Roth, Thomas  and Dement, William C. ",
booktitle = "Principles and Practice of Sleep Medicine (Fourth Edition) ",
publisher = "W.B. Saunders",
edition = "Fourth Edition",
address = "Philadelphia",
year = "2005",
pages = "101 - 119",
isbn = "978-0-7216-0797-9",
doi = "https://doi.org/10.1016/B0-72-160797-7/50016-1",
url = "http://www.sciencedirect.com/science/article/pii/B0721607977500161",
author = "Mircea Steriade"
}

@article{aeschbach1993all,
  title={All-night dynamics of the human sleep EEG},
  author={Aeschbach, Daniel and Borb{\'e}ly, Alexander A},
  journal={Journal of Sleep Research},
  volume={2},
  number={2},
  pages={70--81},
  year={1993},
  publisher={Wiley Online Library}
}

@book{box2015time,
  title={Time series analysis: forecasting and control},
  author={Box, George EP and Jenkins, Gwilym M and Reinsel, Gregory C and Ljung, Greta M},
  year={2015},
  publisher={John Wiley \& Sons}
}


@misc{jones2005principles,
  title={Principles and Practice of Sleep Medicine, eds Kryger MH, Roth T, Dement WC},
  author={Jones, BE},
  year={2005},
  publisher={Elsevier Saunders, Philadelphia}
}

@article{steriade2005brain,
  title={Brain electrical activity and sensory processing during waking and sleep states},
  author={Steriade, M},
  journal={Principles and Practice of Sleep Medicine},
  volume={4},
  pages={101--119},
  year={2005},
  publisher={Elsevier Saunders, Philadelphia}
}

@article{jasper1935electrical,
  title={Electrical potentials from the intact human brain},
  author={Jasper, Herbert H and Carmichael, Leonard},
  journal={Science},
  volume={81},
  number={2089},
  pages={51--53},
  year={1935},
  publisher={JSTOR}
}

@article{subramaniyam2015,
  title={Dynamics of intracranial electroencephalographic recordings from epilepsy patients using univariate and bivariate recurrence networks},
  author={Subramaniyam, Narayan Puthanmadam and Hyttinen, Jari},
  journal={Physical Review E},
  volume={91},
  number={2},
  pages={022927},
  year={2015},
  publisher={APS}
}

@article{geertsema2015,
  title={Automated seizure onset zone approximation based on nonharmonic high-frequency oscillations in human interictal intracranial EEGs},
  author={Geertsema, Evelien E and Visser, Gerhard H and Velis, Demetrios N and Claus, Steven P and Zijlmans, Maeike and Kalitzin, Stiliyan N},
  journal={International Journal of Neural Systems},
  volume={25},
  number={05},
  pages={1550015},
  year={2015},
  publisher={World Scientific}
}

@article{bartolomei2013,
  title={Interictal network properties in mesial temporal lobe epilepsy: a graph theoretical study from intracerebral recordings},
  author={Bartolomei, Fabrice and Bettus, G and Stam, CJ and Guye, M},
  journal={Clinical Neurophysiology},
  volume={124},
  number={12},
  pages={2345--2353},
  year={2013},
  publisher={Elsevier}
}

%%%%% REVIEL QUANTITATIVE EEG

@article{stam2005nonlinear,
  title={Nonlinear dynamical analysis of EEG and MEG: review of an emerging field},
  author={Stam, Cornelis J},
  journal={Clinical Neurophysiology},
  volume={116},
  number={10},
  pages={2266--2301},
  year={2005},
  publisher={Elsevier}
}

@article{modur2011,
  title={Ictal high-frequency oscillations in neocortical epilepsy: implications for seizure localization and surgical resection},
  author={Modur, Pradeep N and Zhang, Song and Vitaz, Todd W},
  journal={Epilepsia},
  volume={52},
  number={10},
  pages={1792--1801},
  year={2011},
  publisher={Wiley Online Library}
}

@article{david2011,
  title={Imaging the seizure onset zone with stereo-electroencephalography},
  author={David, Olivier and Blauwblomme, Thomas and Job, Anne-Sophie and Chabard{\`e}s, St{\'e}phan and Hoffmann, Dominique and Minotti, Lorella and Kahane, Philippe},
  journal={Brain},
  volume={134},
  number={10},
  pages={2898--2911},
  year={2011},
  publisher={Oxford University Press}
}

@article{gnatkovsky2011,
  title={Identification of reproducible ictal patterns based on quantified frequency analysis of intracranial EEG signals},
  author={Gnatkovsky, Vadym and Francione, Stefano and Cardinale, Francesco and Mai, Roberto and Tassi, Laura and Lo Russo, Giorgio and De Curtis, Marco},
  journal={Epilepsia},
  volume={52},
  number={3},
  pages={477--488},
  year={2011},
  publisher={Wiley Online Library}
}

@article{niederhauser2003,
  title={Detection of seizure precursors from depth-EEG using a sign periodogram transform},
  author={Niederhauser, Jo{\"e}l J and Esteller, Rosana and Echauz, Javier and Vachtsevanos, George and Litt, Brian},
  journal={IEEE Transactions on Biomedical Engineering},
  volume={50},
  number={4},
  pages={449--458},
  year={2003},
  publisher={IEEE}
}

%%%% Sleep studies--------------------------------------------------------------
@article{amiri2016phase,
  title={Phase-Amplitude coupling is elevated in deep sleep and in the onset zone of focal epileptic seizures},
  author={Amiri, Mina and Frauscher, Birgit and Gotman, Jean},
  journal={Frontiers in Human Neuroscience},
  volume={10},
  year={2016},
  publisher={Frontiers Media SA}
}

@article{GLOOR1958633,
title = "An assessment of the value of sleep-electroencephalography for the diagnosis of temporal lobe epilepsy",
journal = "Electroencephalography and Clinical Neurophysiology",
volume = "10",
number = "4",
pages = "633 - 648",
year = "1958",
note = "",
issn = "0013-4694",
author = "Peter Gloor and James C. Tsai and F. Haddad",

}

@article{bagshaw2009effect,
  title={Effect of sleep stage on interictal high-frequency oscillations recorded from depth macroelectrodes in patients with focal epilepsy},
  author={Bagshaw, Andrew P and Jacobs, Julia and LeVan, Pierre and Dubeau, Fran{\c{c}}ois and Gotman, Jean},
  journal={Epilepsia},
  volume={50},
  number={4},
  pages={617--628},
  year={2009},
  publisher={Wiley Online Library}
}

@article{frauscher2016eeg,
  title={EEG desynchronization during phasic REM sleep suppresses interictal epileptic activity in humans},
  author={Frauscher, Birgit and Ellenrieder, Nicol{\'a}s and Dubeau, Fran{\c{c}}ois and Gotman, Jean},
  journal={Epilepsia},
  volume={57},
  number={6},
  pages={879--888},
  year={2016},
  publisher={Wiley Online Library}
}

@article{nagasawa2012spontaneous,
  title={Spontaneous and visually driven high-frequency oscillations in the occipital cortex: Intracranial recording in epileptic patients},
  author={Nagasawa, Tetsuro and Juh{\'a}sz, Csaba and Rothermel, Robert and Hoechstetter, Karsten and Sood, Sandeep and Asano, Eishi},
  journal={Human Brain Mapping},
  volume={33},
  number={3},
  pages={569--583},
  year={2012},
  publisher={Wiley Online Library}
}
 
@article{valderrama2012human,
  title={Human gamma oscillations during slow wave sleep},
  author={Valderrama, Mario and Cr{\'e}pon, Beno{\^\i}t and Botella-Soler, Vicente and Martinerie, Jacques and Hasboun, Dominique and Alvarado-Rojas, Catalina and Baulac, Michel and Adam, Claude and Navarro, Vincent and Le Van Quyen, Michel},
  journal={PloS One},
  volume={7},
  number={4},
  pages={e33477},
  year={2012},
  publisher={Public Library of Science}
} 

@article{valencia2013dynamic,
  title={Dynamic interaction of spindles and gamma activity during cortical slow oscillations and its modulation by subcortical afferents},
  author={Valencia, Miguel and Artieda, Julio and Bolam, J Paul and Mena-Segovia, Juan},
  journal={PloS One},
  volume={8},
  number={7},
  pages={e67540},
  year={2013},
  publisher={Public Library of Science}
}

@article{correa2015automatic,
  title={Automatic detection of epileptic seizures in long-term EEG records},
  author={Correa, Agustina Garc{\'e}s and Orosco, Lorena and Diez, Pablo and Laciar, Eric},
  journal={Computers in Biology and Medicine},
  volume={57},
  pages={66--73},
  year={2015},
  publisher={Elsevier}
}

@article{herman2001distribution,
  title={Distribution of partial seizures during the sleep--wake cycle Differences by seizure onset site},
  author={Herman, ST and Walczak, TS and Bazil, CW},
  journal={Neurology},
  volume={56},
  number={11},
  pages={1453--1459},
  year={2001},
  publisher={AAN Enterprises}
}

@article{sammaritano1991interictal,
  title={Interictal spiking during wakefulness and sleep and the localization of foci in temporal lobe epilepsy},
  author={Sammaritano, Michele and Gigli, Gian Luigi and Gotman, Jean},
  journal={Neurology},
  volume={41},
  number={2 Part 1},
  pages={290--290},
  year={1991},
  publisher={AAN Enterprises}
}

@article{malow1997relationship,
  title={Relationship of interictal epileptiform discharges to sleep depth in partial epilepsy},
  author={Malow, Beth A and Kushwaha, Ramesh and Lin, Xihong and Morton, Kenneth J and Aldrich, Michael S},
  journal={Electroencephalography and Clinical Neurophysiology},
  volume={102},
  number={1},
  pages={20--26},
  year={1997},
  publisher={Elsevier}
}

@article{kellaway1985sleep,
  title={Sleep and epilepsy},
  author={Kellaway, Peter},
  journal={Epilepsia},
  volume={26},
  number={s1},
  year={1985},
  publisher={Wiley Online Library}
}




%%%%%%QUANTITATIVE EEG ANALYSIS

@article{bartolomei2008,
  title={Epileptogenicity of brain structures in human temporal lobe epilepsy: a quantified study from intracerebral EEG},
  author={Bartolomei, Fabrice and Chauvel, Patrick and Wendling, Fabrice},
  journal={Brain},
  volume={131},
  number={7},
  pages={1818--1830},
  year={2008},
  publisher={Oxford University Press}
}

@article{bartolomei2011,
  title={Neural networks underlying parietal lobe seizures: a quantified study from intracerebral recordings},
  author={Bartolomei, Fabrice and Gavaret, Martine and Hewett, Russell and Valton, Luc and Aubert, Sandrine and R{\'e}gis, Jean and Wendling, Fabrice and Chauvel, Patrick},
  journal={Epilepsy Research},
  volume={93},
  number={2-3},
  pages={164--176},
  year={2011},
  publisher={Elsevier}
}

@article{bartolomei2017,
  title={Defining epileptogenic networks: contribution of SEEG and signal analysis},
  author={Bartolomei, Fabrice and Lagarde, Stanislas and Wendling, Fabrice and McGonigal, Aileen and Jirsa, Viktor and Guye, Maxime and B{\'e}nar, Christian},
  journal={Epilepsia},
  volume={58},
  number={7},
  pages={1131--1147},
  year={2017},
  publisher={Wiley Online Library}
}

@article{rummel2010,
  title={Analyzing spatio-temporal patterns of genuine cross-correlations},
  author={Rummel, Christian and M{\"u}ller, Markus and Baier, Gerold and Amor, Fr{\'e}d{\'e}rique and Schindler, Kaspar},
  journal={Journal of Neuroscience Methods},
  volume={191},
  number={1},
  pages={94--100},
  year={2010},
  publisher={Elsevier}
}

@article{rummel2012,
  title={Quantitative analysis of peri-ictal multi-channel EEG},
  author={Rummel, Christian and Andrzejak, Ralph G and Schindler, Kaspar},
  journal={Epileptologie},
  volume={113},
  pages={29--99},
  year={2012}
}

@article{wilke2010,
  title={Neocortical seizure foci localization by means of a directed transfer function method},
  author={Wilke, Christopher and Van Drongelen, Wim and Kohrman, Michael and He, Bin},
  journal={Epilepsia},
  volume={51},
  number={4},
  pages={564--572},
  year={2010},
  publisher={Wiley Online Library}
}

@article{schindler2011,
  title={Forbidden ordinal patterns of periictal intracranial EEG indicate deterministic dynamics in human epileptic seizures},
  author={Schindler, Kaspar and Gast, Heidemarie and Stieglitz, Lennart and Stibal, Alexander and Hauf, Martinus and Wiest, Roland and Mariani, Luigi and Rummel, Christian},
  journal={Epilepsia},
  volume={52},
  number={10},
  pages={1771--1780},
  year={2011},
  publisher={Wiley Online Library}
}

@article{schindler2012,
  title={On seeing the trees and the forest: Single-signal and multisignal analysis of periictal intracranial EEG},
  author={Schindler, Kaspar and Gast, Heidemarie and Goodfellow, Marc and Rummel, Christian},
  journal={Epilepsia},
  volume={53},
  number={9},
  pages={1658--1668},
  year={2012},
  publisher={Wiley Online Library}
}

@article{perucca2013intracranial,
  title={Intracranial electroencephalographic seizure-onset patterns: effect of underlying pathology},
  author={Perucca, Piero and Dubeau, Fran{\c{c}}ois and Gotman, Jean},
  journal={Brain},
  volume={137},
  number={1},
  pages={183--196},
  year={2013},
  publisher={Oxford University Press}
}

@article{jacobs2016identification,
  title={The identification of distinct high-frequency oscillations during spikes delineates the seizure onset zone better than high-frequency spectral power changes},
  author={Jacobs, Julia and Vogt, Christina and LeVan, Pierre and Zelmann, Rina and Gotman, Jean and Kobayashi, Katsuhiro},
  journal={Clinical Neurophysiology},
  volume={127},
  number={1},
  pages={129--142},
  year={2016},
  publisher={Elsevier}
}

@article{adhikari2013localizing,
  title={Localizing epileptic seizure onsets with Granger causality},
  author={Adhikari, Bhim M and Epstein, Charles M and Dhamala, Mukesh},
  journal={Physical Review E},
  volume={88},
  number={3},
  pages={030701},
  year={2013},
  publisher={APS}
}

@article{vila2017detection,
  title={Detection of recurrent activation patterns across focal seizures: Application to seizure onset zone identification},
  author={Vila-Vidal, Manel and Principe, Alessandro and Ley, Miguel and Deco, Gustavo and Campo, Adri{\`a} Tauste and Rocamora, Rodrigo},
  journal={Clinical Neurophysiology},
  volume={128},
  number={6},
  pages={977--985},
  year={2017},
  publisher={Elsevier}
}

@article{schindler2010peri,
  title={Peri-ictal correlation dynamics of high-frequency (80--200Hz) intracranial EEG},
  author={Schindler, Kaspar and Amor, Fr{\'e}d{\'e}rique and Gast, Heidemarie and M{\"u}ller, Markus and Stibal, Alexander and Mariani, Luigi and Rummel, Christian},
  journal={Epilepsy Research},
  volume={89},
  number={1},
  pages={72--81},
  year={2010},
  publisher={Elsevier}
}

@article{andrzejak2001,
  title={The epileptic process as nonlinear deterministic dynamics in a stochastic environment: an evaluation on mesial temporal lobe epilepsy},
  author={Andrzejak, Ralph G and Widman, G and Lehnertz, K and Rieke, C and David, P and Elger, CE},
  journal={Epilepsy Research},
  volume={44},
  number={2-3},
  pages={129--140},
  year={2001},
  publisher={Elsevier}
}
 
 
 @book{fornito2016,
  title={Fundamentals of brain network analysis},
  author={Fornito, Alex and Zalesky, Andrew and Bullmore, Edward},
  year={2016},
  publisher={Academic Press}
}

%%%SCHREIBER/KANTZ----------------------------------------------------
@book{kantz2004nonlinear,
  title={Nonlinear time series analysis},
  author={Kantz, Holger and Schreiber, Thomas},
  volume={7},
  year={2004},
  publisher={Cambridge university press}
}

@article{schreiber2000surrogate,
  title={Surrogate time series},
  author={Schreiber, Thomas and Schmitz, Andreas},
  journal={Physica D: Nonlinear Phenomena},
  volume={142},
  number={3},
  pages={346--382},
  year={2000},
  publisher={Elsevier}
   
}

@article{Schreiber1996PhysRevLett,
  title = {Improved Surrogate Data for Nonlinearity Tests},
  author = {Schreiber, Thomas and Schmitz, Andreas},
  journal = {Physical Review Letters},
  volume = {77},
  issue = {4},
  pages = {635--638},
  numpages = {0},
  year = {1996},
  month = {Jul},
  publisher = {American Physical Society},
}

@article{theiler1986spurious,
  title={Spurious dimension from correlation algorithms applied to limited time-series data},
  author={Theiler, James},
  journal={Physical Review A},
  volume={34},
  number={3},
  pages={2427},
  year={1986},
  publisher={APS}
}


@article{TheilerSurrogates,
title = "Testing for nonlinearity in time series: the method of surrogate data",
journal = "Physica D: Nonlinear Phenomena",
volume = "58",
number = "1",
pages = "77 - 94",
year = "1992",
author = "James Theiler and Stephen Eubank and André Longtin and Bryan Galdrikian and J. Doyne Farmer",
abstract = "."
}

@article{chicharro2009,
  title={Reliable detection of directional couplings using rank statistics},
  author={Chicharro, Daniel and Andrzejak, Ralph G},
  journal={Physical Review E},
  volume={80},
  number={2},
  pages={026217},
  year={2009},
  publisher={APS}
}

@article{laiou2017,
  title={Coupling strength versus coupling impact in nonidentical bidirectionally coupled dynamics},
  author={Laiou, Petroula and Andrzejak, Ralph G},
  journal={Physical Review E},
  volume={95},
  number={1},
  pages={012210},
  year={2017},
  publisher={APS}
}

%%%RALPH ANDRZEJAK-----------------------------------------------------
@article{andrzejak2014,
  title={Detecting determinism from point processes},
  author={Andrzejak, Ralph G and Mormann, Florian and Kreuz, Thomas},
  journal={Physical Review E},
  volume={90},
  number={6},
  pages={062906},
  year={2014},
  publisher={APS}
}


@article{andrzejak2003,
  title={Bivariate surrogate techniques: necessity, strengths, and caveats},
  author={Andrzejak, Ralph G and Kraskov, Alexander and St{\"o}gbauer, Harald and Mormann, Florian and Kreuz, Thomas},
  journal={Physical Review E},
  volume={68},
  number={6},
  pages={066202},
  year={2003},
  publisher={APS}
}

@article{naro2014,
  title={Detecting determinism with improved sensitivity in time series: Rank-based nonlinear predictability score},
  author={Naro, Daniel and Rummel, Christian and Schindler, Kaspar and Andrzejak, Ralph G},
  journal={Physical Review E},
  volume={90},
  number={3},
  pages={032913},
  year={2014},
  publisher={APS}
}

@article{andrzejak2012,
  title={Nonrandomness, nonlinear dependence, and nonstationarity of electroencephalographic recordings from epilepsy patients},
  author={Andrzejak, Ralph G and Schindler, Kaspar and Rummel, Christian},
  journal={Physical Review E},
  volume={86},
  number={4},
  pages={046206},
  year={2012},
  publisher={APS}
}

@article{andrzejak2011,
  title={Using bivariate signal analysis to characterize the epileptic focus: The benefit of surrogates},
  author={Andrzejak, Ralph G and Chicharro, D and Lehnertz, K and Mormann, F},
  journal={Physical Review E},
  volume={83},
  number={4},
  pages={046203},
  year={2011},
  publisher={APS}
}


@article{andrzejak2006,
  title={Improved spatial characterization of the epileptic brain by focusing on nonlinearity},
  author={Andrzejak, Ralph G and Mormann, Florian and Widman, Guido and Kreuz, Thomas and Elger, Christian E and Lehnertz, Klaus},
  journal={Epilepsy Research},
  volume={69},
  number={1},
  pages={30--44},
  year={2006},
  publisher={Elsevier}
}


@article{andrzejak2015,
  title={Localization of epileptogenic zone on pre-surgical intracranial EEG recordings: toward a validation of quantitative signal analysis approaches},
  author={Andrzejak, Ralph G and David, Olivier and Gnatkovsky, Vadym and Wendling, Fabrice and Bartolomei, Fabrice and Francione, Stefano and Kahane, Philippe and Schindler, Kaspar and De Curtis, Marco},
  journal={Brain Topography},
  volume={28},
  number={6},
  pages={832--837},
  year={2015},
  publisher={Springer}
}

@article{andrzejak2001b,
  title={Indications of nonlinear deterministic and finite-dimensional structures in time series of brain electrical activity: Dependence on recording region and brain state},
  author={Andrzejak, Ralph G and Lehnertz, Klaus and Mormann, Florian and Rieke, Christoph and David, Peter and Elger, Christian E},
  journal={Physical Review E},
  volume={64},
  number={6},
  pages={061907},
  year={2001},
  publisher={APS}
}


%%%FLORIAN MORMANN-----------------------------------------------------

@article{lachaux2012,
title = "High-frequency neural activity and human cognition: Past, present and possible future of intracranial EEG research",
journal = "Progress in Neurobiology",
volume = "98",
number = "3",
pages = "279 - 301",
year = "2012",
issn = "0301-0082",
author = "Jean-Philippe Lachaux and Nikolai Axmacher and Florian Mormann and Eric Halgren and Nathan E. Crone",
}

@article{chang2015,
  title={Towards large-scale, human-based, mesoscopic neurotechnologies},
  author={Chang, Edward F},
  journal={Neuron},
  volume={86},
  number={1},
  pages={68--78},
  year={2015},
  publisher={Elsevier}
}

@article{niediek2016,
  title={Reliable analysis of single-unit recordings from the human brain under noisy conditions: tracking neurons over hours},
  author={Niediek, Johannes and Bostr{\"o}m, Jan and Elger, Christian E and Mormann, Florian},
  journal={PloS One},
  volume={11},
  number={12},
  pages={e0166598},
  year={2016},
  publisher={Public Library of Science}
}

@article{cash2015,
  title={The emergence of single neurons in clinical neurology},
  author={Cash, Sydney S and Hochberg, Leigh R},
  journal={Neuron},
  volume={86},
  number={1},
  pages={79--91},
  year={2015},
  publisher={Elsevier}
}

%%%ENGEL-----------------------------------------------------
@article{engel2005,
  title={Invasive recordings from the human brain: clinical insights and beyond},
  author={Engel, Andreas K and Moll, Christian KE and Fried, Itzhak and Ojemann, George A},
  journal={Nature Reviews Neuroscience},
  volume={6},
  number={1},
  pages={35--47},
  year={2005},
  publisher={Nature Publishing Group}
}

@article{engel1993,
  title={Outcome with respect to epileptic seizures.},
  author={Engel Jr., Jerome and Van Ness, Paul and Rasmussen, Thomas B and Ojemann, Linda Moretti},
 journal={Surgical Treatment of the Epilepsies},
  pages={609--621},
  year={1993},
  publisher={Raven Press}
}



@article{engel1993outcome,
  title={Update on surgical treatment of the epilepsies summary of the second international palm desert conference on the surgical treatment of the epilepsies (1992)},
  author={Engel, Jerome},
  journal={Neurology},
  volume={43},
  number={8},
  pages={1612--1617},
  year={1993},
  publisher={AAN Enterprises}
}



@article{engel1996surgery,
  title={Surgery for seizures},
  author={Engel Jr, Jerome},
  journal={New England Journal of Medicine},
  volume={334},
  number={10},
  pages={647--653},
  year={1996},
  publisher={Mass Medical Soc}
}

@article{engel2003greater,
  title={A greater role for surgical treatment of epilepsy: why and when?},
  author={Engel, Jerome},
  journal={Epilepsy Currents},
  volume={3},
  number={2},
  pages={37--40},
  year={2003},
  publisher={Wiley Online Library}
}

@article{engel2003,
  title={Practice parameter: temporal lobe and localized neocortical resections for epilepsy: report of the Quality Standards Subcommittee of the American Academy of Neurology, in association with the American Epilepsy Society and the American Association of Neurological Surgeons},
  author={Engel, Jerome and Wiebe, Samuel and French, Jacqueline and Sperling, Michael and Williamson, Peter and Spencer, Dennis and Gumnit, Robert and Zahn, Catherine and Westbrook, Edward and Enos, Bruce},
  journal={Neurology},
  volume={60},
  number={4},
  pages={538--547},
  year={2003},
  publisher={AAN Enterprises}
}

@article{tonini2004,
  title={Predictors of epilepsy surgery outcome: a meta-analysis},
  author={Tonini, Clara and Beghi, Ettore and Berg, Anne T and Bogliun, Graziella and Giordano, Laura and Newton, Richard W and Tetto, Antonio and Vitelli, Eugenio and Vitezic, D and Wiebe, Samuel},
  journal={Epilepsy Research},
  volume={62},
  number={1},
  pages={75--87},
  year={2004},
  publisher={Elsevier}
}